%% Publishers
@string{ACM        = "Association for Computing Machinery"}
@string{MK         = "Morgan Kaufmann Publishers, Inc."}
@string{MKAddr     = "Palo Alto, CA"}
@string{Tioga      = "Tioga Press"}
@string{TiogaAddr  = "Palo Alto, CA"}
@string{LEA        = "Lawrence Erlbaum Associates"}
@string{LEAAddr  = "Hillsdale, NJ"}
@string{KAP        = "Kluwer Academic Publishers"}
@string{AP = "Academic Press, Inc."}
@string{APAddr = "San Diego, CA"}
@string{KAPAddr    = "Boston, MA"}
@string{AdWes      = "Addison-Wesley Publishing, Co."}
@string{AdWesAddr  = "Reading, MA"}

% Journals
@string{AIJ        = "Artificial Intelligence Journal"}
@string{AIM        = "{AI} Magazine"}
@string{MLJ        = "Machine Learning"}
@string{CACM   = "Communications of the ACM"}
@string{CogSci = "Cognitive Science"}           % The Journal!
@string{IJMMS  = "International Journal of Man-Machine Studies"}
@string{JACM   = "Journal of the ACM"}
@string{JAR    = "Journal of Automated Reasoning"}
@string{SIGART = "SIGART Newsletter"}
@string{TSMC   = "IEEE Transactions on Systems, Man and Cybernetics"}
@string{AIEDAM = "Artificial Intelligence in Engineering, Design and
		  Manufacturing"}
@string{JASIS = "Journal of the American Society for Information Science"}
@string{TKDE   = "IEEE Transactions on Knowledge and Data
		  Engineering"}
@string{TSE   = "IEEE Transactions on Software Engineering"}
@string{JAIR = "Journal of Artificial Intelligence Research"}



@string{agents97 = "Proceedings of First International Conference on
		  Autonomous Agents "}
@string{acm-press="ACM Press, New York, NY"}
		  
		  



@InProceedings{Pyeatt:Howe:WS99a,
  author = 	 "Larry D. Pyeatt and Adele E. Howe",
  title = 	 "Testing Generalization in Learned Simulated Robot
		  Behaviors",
  editor =	 "Henry Hexmoore",
  booktitle =	 "Workshop on Autonomy Control Software",
  year =	 1999,
  organization = "Third International Conference on Autonomous Agents",
  address =	 "Seattle, Washington",
  month =	 "May"
}

@InProceedings{Pyeatt:Howe:C99a,
  author = 	 "Larry D. Pyeatt and Adele E. Howe",
  title = 	 "Integrating {POMDP} and Reinforcement Learning for a
		  Two Layer Simulated Robot Architecture",
  booktitle =	 "Third International Conference on Autonomous Agents",
  year =	 1999,
  address =	 "Seattle, Washington",
  month =	 "May"
}


@InProceedings{Pyeatt:Howe:FS98,
  author = 	 "Larry D. Pyeatt and Adele E. Howe",
  title = 	 "Integrating {POMDP} and Reinforcement Learning for a
		  Two Layer Simulated Robot Architecture",
  editor =	 "Michael Littman and Tony Cassandra",
  pages =	 "371--388",
  booktitle =	 "AAAI 1998 Fall Symposium Series -- Planning with
		  Partially Observable Markov Decision Processes:
		  Working Notes",
  note =         "Revised version appeared in {\it Third International
		  Conference on Autonomous Agents}",
  year =	 1998,
  organization = "AAAI",
  address =	 "Orlando, Florida",
  month =	 "October"
}




		  
@InProceedings{Pyeatt:Howe:C99c,
  author = 	 "Larry D. Pyeatt and Adele E. Howe",
  title = 	 "A Parallel Algorithm for {POMDP} Solution",
  booktitle =	 "Proceedings of the Fifth European Conference on
		  Planning (ECP-99)",
  year =	 1999,
  address =	 "Durham, United Kingdom",
  month =	 "September"
}



@TechReport{Pyeatt:Howe:TR98c,
  author = 	 "Larry D. Pyeatt and Adele E. Howe",
  title = 	 "Decision Tree Function Approximation in
		  Reinforcement Learning",
  institution =  "Colorado State University",
  year = 	 1998,
  type =	 "Tech Report",
  number =	 "TR CS-98-112",
  address =	 "Fort Collins, Colorado",
  month =	 "October"
}

@Article{Pyeatt:Howe:Somlo:J98,
  author = 	 "Adele E. Howe and Gabriel Somlo and Larry Pyeatt",
  title = 	 "Characterizing Structure in Discrete Event Sequences",
  journal =	 "Submitted to Journal of Artificial Intelligence Research",
  year =	 1998,
  month =	 "July-December"
}

		  

@Article{Pyeatt:Howe:J00,
  author = 	 "Larry D. Pyeatt and Adele E. Howe",
  title = 	 "Evaluating Robustness in a Two Layer Simulated Robot Architecture",
  journal =	 "Journal of Experimental and Theoretical Artificial Intelligence: Special Issue on Autonomy Control Software",
  year =	 2000
}


@InProceedings{Moore:Quasny:Pyeatt:Sinzinger:C01b,
  author = 	 {Brett L. Moore and Todd M. Quasny and Larry D. Pyeatt and Eric D. Sinzinger},
  title = 	 {Performance of a Single Action Partially Observable Markov Decision Process in a Recognition Task},
  booktitle = 	 {Proceedings of the Fourth Annual International Conference on Artificial Intelligence and Soft Computing},
  pages =	 {PP--PP},
  year =	 2001,
  address =	 {Cancun, Mexico},
  month =	 {May},
  organization = {International Association of Science and Technology for Development (IASTED)}
}

@InProceedings{Pyeatt:Howe:C01a,
  author = 	 {Larry D. Pyeatt and Adele E. Howe},
  title = 	 {Decision Tree Function Approximation in
		  Reinforcement Learning},
  booktitle = 	 {Proceedings of the Third International Symposium on Adaptive Systems: Evolutionary Computation \& Probabilistic Graphical Models},
  pages =	 {70--77},
  year =	 2001,
  address =	 {Havana, Cuba},
  month =	 {March},
  organization = {Institute of Cybernetics, Mathematics and Physics}
}

@InProceedings{Pyeatt:Howe:C98b,
  author = 	 "Larry D. Pyeatt and Adele E. Howe",
  title = 	 "Learning to Race: Experiments with a Simulated Race Car",
  editor =	 "Diane J. Cook",
  pages =	 "357--361",
  booktitle =	 "Proceedings of the Eleventh International Florida
		  Artificial Intelligence Research Symposium
		  Conference",
  year =	 1998,
  organization = "Florida Artificial Intelligence Research Symposium",
  publisher =	 "AAAI Press",
  address =	 "Sanibel Island, FL",
  month =	 "May"
}

@InProceedings{Pyeatt:Howe:C98a,
  author = 	 "Larry D. Pyeatt and Adele E. Howe",
  title = 	 "Reinforcement Learning for Coordinated Reactive Control",
  booktitle =	 "Fourth World Congress on Expert Systems",
  year =	 1998,
  month =	 "March"
}

@InProceedings{Howe:Pyeatt:C96,
  author = 	 "Adele E. Howe and Larry D. Pyeatt",
  title = 	 "Constructing Transition Models of {AI} Planner Behavior",
  booktitle =	 "Proceedings of the Eleventh Knowledge Based Systems
		  Engineering Conference",
  year =	 1996,
  month =        "September"
}
	  
@InProceedings{Gruau:Whitley:Pyeatt:C96,
  author = 	 "Fr\'ed\'eric Gruau and Darrell Whitley and Larry Pyeatt",
  title = 	 "A Comparison Between Cellular Encoding and Direct
		  Encoding for Genetic Neural Networks",
  booktitle =	 "Proceedings of the Sixth International
		  Conference on Genetic Programming",
  year =	 1996,
  publisher =	 "Stanford University Press",
  month =	 "July"
}

@InProceedings{Whitley:Mathias:Pyeatt:C95,
  author = 	 "Darrell Whitley and Keith Mathias and Larry Pyeatt",
  title = 	 "Hyperplane Ranking and Implicit Parallelism in
		  Simple Genetic Algorithms",
  booktitle =	 "Proceedings of the Sixth International Conference on
		  Genetic Algorithms",
  year =	 1995,
  month =	 "July"
}


@InProceedings{Whitley:Gruau:Pyeatt:C95,
  author = 	 "Darrell Whitley and Fr\'ed\'eric Gruau and Larry Pyeatt",
  title = 	 "Cellular Encoding Applied to Neurocontrol",
  booktitle =	 "Proceedings of the Sixth International Conference on
		  Genetic Algorithms",
  year =	 1995,
  month =	 "July"
}

		  
@MastersThesis{Pyeatt:91,
  author = 	 "Larry D. Pyeatt",
  title = 	 "Application of the Neural Ring Pattern Classifier to
		  Speech Recognition",
  school = 	 "Texas Tech University",
  year = 	 1991,
  month =	 "May",
  type =	 "{M.S.} {T}hesis"
}

@InProceedings{Pyeatt:Oldham:C91,
  author = 	 "Larry D. Pyeatt and W. J. Bryan Oldham",
  title = 	 "Application of the Neural Ring Pattern Classifier to
		  Speech Recognition",
  pages =	 "385--387",
  booktitle =	 "Proceedings of the Southeastern Region ACM Conference",
  year =	 1991,
  organization = "ACM"
}


@TechReport{Stevens:Pyeatt:Houlton:Goss:95,
  author = 	 {Mark R. Stevens and Larry D. Pyeatt and David J. Houlton and
                  Michael E. Goss},
  title = 	 {Locating Shadows in Aerial Photographs
        Using Imprecise Elevation Data},
  institution =  {Colorado State University, Department of Computer Science},
  year = 	 1995,
  type =	 {Technical Report},
  number =	 {TR CS-95-105},
  address =	 {Fort Collins, Colorado}
}



@Misc{Present01a,
 title = 	 {Decision Tree Function Approximation in
		  Reinforcement Learning},
  howpublished = {Third International Symposium on Adaptive Systems},
  year =	 2001,
  month =	 "March 20",
  note =	 "Havana, Cuba"
}

@Misc{Present00a,
  title =	 "Invited Talk: Learning Low Level Actions for Robot Navigation",
  howpublished = "RIACS, NASA Ames Research Center",
  year =	 2000,
  month =	 "November 9",
  note =	 "Moffett Field, California"
}

@Misc{Present99c,
  author =	 "Larry D. Pyeatt and Adele E. Howe",
  title =	 "A Parallel Algorithm for {POMDP} Solution",
  howpublished = "Fifth European Conference on
		  Planning (ECP-99)",
  year =	 1999,
  month =	 "September",
  note =	 "Durham, United Kingdom"
}


@Misc{Reyes:Pyeatt95,
  author =	 "Marilyn V. Reyes and Larry D. Pyeatt",
  title =	 "Interpretation of
        Fluorescence Fingerprints of Crude Oils and Other Hydrocarbon Mixtures
        Using Neural Networks",
  howpublished = "United States Patent 5424959, property of Texaco Inc.",
  year =	 1995
}

@Misc{POMDP,
  title =	 "{AAAI} Symposium on Planning with Partially Observable
		  Markov Decision Processes",
  howpublished = "Personal notes",
  year =	 1998,
  month =	 "October"
}

	
		  

@Misc{Present99b,
  title =	 "Testing Generalization in Learned Simulated Robot
		  Behaviors",
  howpublished = "Third International Conference on Autonomous Agents:
		  Workshop on Autonomy Control Software",
  year =	 1999,
  month =	 "May",
  note =	 "Seattle, Washington"
}

@Misc{Present99a,
  title =	 "Integrating {POMDP} and Reinforcement Learning for a
		  Two Layer Simulated Robot Architecture",
  howpublished = "Third International Conference on Autonomous Agents",
  year =	 1999,
  month =	 "May",
  note =	 "Seattle, Washington"
}

@Misc{Present98c,
  title =	 "Automatic Learning of Extended Actions in a
		  Multi-Level Robot Architecture: Preliminary Results",
  howpublished = "{AAAI} Fall Symposium on Planning with Partially
		  Observable Markov Decision Processes",
  year =	 1998,
  note = 	 "Orlando, Florida",
  month =	 "October"
}

		  
		  
@Misc{Present98b,
  title =	 "Learning to Race: Experiments with a Simulated Race Car",
  howpublished = "Eleventh International Florida Artificial
		  Intelligence Research Symposium Conference",
  year =	 1998,
  month =	 "July",
  note =	 "Sanibel Island, Florida"
}

  
@Misc{Present98a,
  title =	 "Reinforcement Learning for Coordinated Reactive Control",
  howpublished = "Fourth World Congress on Expert Systems",
  year =	 1998,
  month =	 "March",
  note =	 "Mexico City, Mexico"
}

		  
		  
@Misc{Present97,
  title =	 "Learning New Behaviors",
  howpublished = "NSF Sponsored Workshop on Intelligent Agents",
  year =	 1997,
  month =	 "July",
  note =	 "Porto Alegre, Brazil"
}

		  
@Misc{Present96,
  title =	 "A Comparison between Cellular Encoding and Direct
		  Encoding for Genetic Neural Networks",
  howpublished = "Genetic Programming Conference",
  year =	 1996,
  month =	 "July",
  note =	 "Stanford University"
}

		  
		  
@Misc{Present91,
  title =	 "Application of the Neural Ring Pattern Classifier to
		  Speech Recognition",
  howpublished = "Southeastern Region ACM Conference",
  year =	 1991,
  note =	 "Auburn University, Auburn, Alabama"
}

		  

		  
		  
@PhdThesis{PyeattTHESIS,
  author = 	 "Larry D. Pyeatt",
  title = 	 "Integration of Partially Observable Markov Decision Processes
and Reinforcement Learning for Simulated Robot Navigation",
  year = 	 1999,
  address =	 "Computer Science Department",
  school = 	 {Colorado State University},
  month =	 "July",
  type =	 "{PhD} Dissertation"
}

		  

