



@InProceedings{Caudle:Pyeatt:Fleming:Hoover:2019,
  author = 	 {Kyle Caudle and Larry Pyeatt and Patrick Fleming and Randy Hoover},
  title = 	 {Flow Field Forecasting with Many Predictors},
  booktitle = {Proceedings of the 3rd International Conference on Compute and Data Analysis},
  year = 	 2019,
  month = 	 {March 14--17},
  address = 	 {University of Hawaii Maui College},
  publisher = {ACM Press},
  note = 	 {ISBN 978-1-4503-6634-2}}


@book{textbook2024,
  title={Digital Systems and CPU Design with VHDL},
  author={Larry D. Pyeatt},
  month={November},
  year={2021 (expected)},
  publisher={Elsevier Science (Newnes) \emph{Under Contract}},
  note={475 pages.}
}

@book{textbook2025,
  title={Modern Assembly Language Programming with the ARM Processor, $2^\textrm{nd}$ Edition},
  author={Larry D. Pyeatt},
  isbn={978-0-443-14114-0},
  url={http://store.elsevier.com/product.jsp?isbn=9780443141140},
  month={April},
  year={2025},
  publisher={Elsevier Science (Newnes)},
  note={524 pages.}
}

%  isbn={9780128037164},
%  url={http://store.elsevier.com/product.jsp?isbn=9780128036983},
@book{textbook2020,
  title={ARM 64-bit Assembly Language},
  author={Larry D. Pyeatt with William Ughetta},
  month={November},
  year={2020},
  publisher={Elsevier Science (Newnes)},
  ISBN={978-0-12-819221-4},
  note={489 pages.}
}

@InProceedings{Randrianasolo:Pyeatt:2022,
  author = 	 {Arisoa S. Randrianasolo and Larry D. Pyeatt},
  title = 	 {Using Genetic Algorithm to create an Ensemble Machine Learning Models to Predict Tennis},
  booktitle = {Proceedings of the Future Technologies Conference},
  year = 	 2022,
  month = 	 {November},
  address = 	 {Virtual Due to COVID},
  organization = {IEEE}}



@InProceedings{Randrianasolo:Pyeatt:2021,
  author = 	 {Arisoa S. Randrianasolo and Larry D. Pyeatt},
  title = 	 {Comparing Different Data Representations and Machine Learning Models to Predict Tennis},
  booktitle = {Proceedings of the Future Technologies Conference},
  year = 	 2021,
  month = 	 {November},
  address = 	 {Virtual Due to COVID},
  organization = {IEEE}}



@InProceedings{Randrianasolo:Pyeatt:2018,
  author = 	 {Arisoa S. Randrianasolo and Larry D. Pyeatt},
  title = 	 {Predicting head-to-head Games with a Similarity Metric and Genetic Algorithm},
  booktitle = {Proceedings of the Future Technologies Conference},
  year = 	 2018,
  month = 	 {November},
  address = 	 {Vancouver, BC, Canada},
  organization = {IEEE}}


@book{textbook2016,
  title={Modern Assembly Language Programming with the ARM Processor},
  author={Larry D. Pyeatt},
  isbn={9780128037164},
  url={http://store.elsevier.com/product.jsp?isbn=9780128036983},
  month={April},
  year={2016},
  publisher={Elsevier Science (Newnes)},
  note={504 pages.}
}


@InProceedings{Caudle:Karlsson:Pyeatt:2015a,
  author = 	 {Kyle A. Caudle and Christer Karlsson and Larry D. Pyeatt},
  title = 	 {Using Density Estimation to Detect Computer Intrusions},
  booktitle = {Proceedings of the Fifth {ACM} Conference on Data and Application Security and Privacy (CODASPY)},
  year = 	 2015,
  month = 	 {March},
  address = 	 {San Antonio, TX},
  organization = {ACM},
  publisher = {ACM Press}}


@InProceedings{Caudle:Karlsson:Pyeatt:2014a,
  author = 	 {Kyle A. Caudle and Christer Karlsson and Larry D. Pyeatt},
  title = 	 {Multivariate Wavelet Density Estimation for Streaming Data: A Parallel Programming Approach},
  booktitle = {{JSM} Proceedings, Statistical Computing Section},
  month = {August},
  year = 	 2014,
  address = 	 {Boston, MA},
  organization = {American Statistical Association}}


@article{Moore:Pyeatt:2014,
  author  = {Brett L Moore and Larry D Pyeatt and Vivekanand Kulkarni and Periklis Panousis and Kevin Padrez and Anthony G Doufas},
  title   = {Reinforcement Learning for Closed-Loop Propofol Anesthesia: A Study in Human Volunteers},
  journal = {Journal of Machine Learning Research},
  year    = {2014},
  volume  = {15},
  pages   = {655--696},
  url     = {http://jmlr.org/papers/v15/moore14a.html}
}

%â€¢ Using Local Regression in Monte Carlo Search Tree. Arisoa S. Randri-
%anasolo and Larry D. Pyeatt. Submitted to ICAART 2012.

%1. Arisoa S. Randrianasolo and Larry D. Pyeatt, A Q-Learning Temporary Security Repair, 26th Annual Conference on Innovative Applications of Artificial Intelligence, July 29-31, 2014, Quebec City, Quebec, Canada. (submitted)

%2. Eddy C. Borera, Brett L. Moore, Anthony G. Doufas, and Larry D. Pyeatt, Population-Based Partially Observable Markov Decision Process Planner for Closed-Loop Anesthesia Control: Simulated Studies, , 26th Annual Conference on Innovative Applications of Artificial Intelligence, July 29-31, 2014, Quebec City, Quebec, Canada. (submitted)


@InProceedings{Randrianasolo:Pyeatt:2014b,
  author = 	 {Arisoa S. Randrianasolo and Larry D. Pyeatt},
  title = 	 {Q-Learning: From Computer Network Security To Software Security},
  booktitle = {Proceedings of the 13th International Conference on Machine Learning and Applications},
  year = 	 2014,
  month = 	 {December},
  address = 	 {Detroit, Michigan},
  organization = {{IEEE}},
  publisher = {{IEEE} Press}}

@InProceedings{Randrianasolo:Pyeatt:2014a,
  author = 	 {Arisoa S. Randrianasolo and Larry D. Pyeatt},
  title = 	 {A Theoretical {Q-Learning} Temporary Security Repair},
  booktitle = {Proceedings of the 2014 {IEEE} Symposium Series on Computational Intelligence},
  year = 	 2014,
  month = 	 {December 9--12},
  address = 	 {Orlando, Florida},
  organization = {{IEEE} },
  publisher = {{IEEE}  Press}}

@InProceedings{Randrianasolo:Pyeatt:2012b,
  author = 	 {Arisoa Randrianasolo and Larry D.\ Pyeatt}, 
  title = 	 {Using Local Regression in {M}onte {C}arlo Search Tree},
  booktitle = {Proceedings of the 4th International Conference on Agents and Artificial Intelligence (ICAART)},
  year = 	 2012,
  address = 	 {Valamoura, Algarve, Portugal},
  month = 	 {February},
  organization = {Institute for Systems and Technologies of Information, Control and Communication (INSTICC)}}

@InProceedings{Randrianasolo:Pyeatt:2012a,
  author = 	 {Arisoa Randrianasolo and Larry D.\ Pyeatt},
  title = 	 {An Artificial Immune SYSTEM Based on {H}olland's Classifier as Network Intrusion Detection},
  booktitle = {Proceedings of the 4th International Conference on Agents and Artificial Intelligence (ICAART)},
  year = 	 2012,
  address = 	 {Valamoura, Algarve, Portugal},
  month = 	 {February},
  organization = {Institute for Systems and Technologies of Information, Control and Communication (INSTICC)}}

@InProceedings{Borera:Pyeatt:2011,
	title = {Offline Policy Optimization: {U}sing Online {M}onte {C}arlo Simulation-Based Techniques to deal with changes in Dynamic Environments},
	year = {2011},
	booktitle = {Proceedings on the {IEEE} International Conference on Intelligent Computing and Intelligent Systems (ICIS)},
	month = {November 18--20},
	author = {Eddy C. Borera and Larry D. Pyeatt},
	address = {Guangzhou, China}
}

@InProceedings{Borera:Moore:Doufas:Pyeat:2011,
	title = {An Adaptive Neural Network Filter for Improved Patient State Estimation in Closed-Loop Anesthesia Control},
	year = {2011},
	booktitle = {Proceedings of the {IEEE} International Conference  on Tools with Artificial Inteligence ({ICTAI})},
	month = {November 7--9},
	author = {Eddy C. Borera and Brett L. Moore and Anthony G. Doufas and Larry D. Pyeatt},
	address = {Boca Raton, Florida, USA}
}

@Article{Moore:Doufas:Pyeatt:2011a,
  author = 	 {Brett L. Moore and Anthony G. Doufas and Larry D. Pyeatt},
  title = 	 {Reinforcement Learning: A Novel Method for Optimal Control in 
Challenging Clinical Domains},
  journal = 	 {Anesthesia and Analgesia},
  month =        {February},
  year = 	 {2011}
}

@InProceedings{randrianasolo:pyeatt:2011,
  author = 	 {Arisoa Randrianasolo and Larry D. Pyeatt},
  title = 	 {Applying Context-Based Prediction in Adversarial
                  {W}atkins' ${Q}(\lambda)$ Learning },
  booktitle = {Proceedings of the 2011 International Conference on Artificial Intelligence, {ICAI} 2011},
  year = 	 2011,
  address = 	 {Las Vegas, Nevada},
  month = 	 {July},
  publisher = {CSREA Press}}

@InProceedings{shukla:pyeatt:2011,
  author = 	 {Shubham Shukla and Larry D. Pyeatt},
  title = 	 {A Guided Learning Algorithm for Solving Traveling Salesman Problem},
  booktitle = {Proceedings of the 2011 International Conference on Artificial Intelligence, {ICAI} 2011},
  year = 	 2011,
  address = 	 {Las Vegas, Nevada},
  month = 	 {July},
  publisher = {CSREA Press}}


@InProceedings{Borera:Randrianasolo:Mahdi:Pyeatt:2010,
   author    = {Eddy C. Borera and
               Mahdi Naser-Moghadasi and
               Arisoa S. Randrianasolo and
	       Larry D. Pyeatt},
   title =        {{POMDP} Filter: Pruning {POMDP} Value Functions with the {K}aczmarz Iterative Method},
   booktitle = {Proceedings of the 9th Mexican International Conference on Artificial Intelligence (MICAI)},
   year =         2010,
   pages =        "254--265",
   address =      {Pachuca, Mexico},
   month =        {November},
   publisher = {Springer}}

@InProceedings{Moore:Panousis:IAAI:2010,
  author = 	 {Brett L. Moore and  Periklis Panousis and Vivek Kulkarni and Larry D. Pyeatt and Anthony G. Doufas},
  title = 	 {Reinforcement Learning for Closed-Loop Propofol Anesthesia: A Human Volunteer Study},
  booktitle = {Proceedings of the 22nd IAAI Conference},
  year = 	 2010,
  address = 	 {Atlanta, GA},
  month = 	 {July},
  publisher = {AAAI Press}}

@InProceedings{Moore:Pyeatt:Doufas:2009b,
  author = 	 {Brett L. Moore and Larry D. Pyeatt and Anthony G. Doufas},
  title = 	 {Fuzzy Control for Closed-Loop, Patient-Specific Hypnosis in Intraoperative Patients: a Simulation Study},
  booktitle = {Proceedings of the International Society of Anaesthetic Pharmacology Conference},
  year = 	 2009,
  address = 	 {New Orleans, LA},
  month = 	 {October}}



@InProceedings{Moore:Pyeatt:Doufas:2009,
  author = 	 {Brett L. Moore and Larry D. Pyeatt and Anthony G. Doufas},
  title = 	 {Fuzzy Control for Closed-Loop, Patient-Specific Hypnosis in Intraoperative Patients: A Simulation Study},
  booktitle = {Proceedings of the {IEEE} Engineering in Medicine and Biology Society Conference},
  year = 	 2009,
  address = 	 {Minneapolis, Minnesota, USA},
  month = 	 {September},
  organization = {{IEEE}}
}

@InProceedings{KimPyeattWunsch2009,
  author = 	 {Tae-Hyung Kim and Larry D. Pyeatt and Donald C. {Wunsch II}},
  title = 	 {Reconfigurable Disruption Tolerant Routing via Reinforcement Learning},
  booktitle = {Proceedings of the International
Joint Conference on Neural Networks ({IJCNN})},
  year = 	 2009,
  address = 	 {Atlanta, GA},
  month = 	 {June 14--19,},
  organization = {{IEEE}}}


@InProceedings{KimPyeattWunsch2007,
  author = 	 {Tae-hyung Kim and Larry D. Pyeatt and Donald C. Wunsch II},
  title = 	 {Performance Comparison of {Z}-Learning to {Q}-learning for Reconfigurable Disruption Tolerant Routing},
  booktitle = {Proceedings of the Eleventh International Conference on
Cognitive and Neural Systems (ICCNS)},
  year = 	 2007,
  address = 	 {Boston University, Boston, MA},
  month = 	 {May}}

@InProceedings{Helm:Cooke:Rushton:Pyeatt:Becker:2006,
  author = 	 {Michael Helm and Daniel Cooke and Nelson Rushton and Larry Pyeatt and Klaus Becker},
  title = 	 {Reinforcement Learning Agents Applied to a Class of
Control System Problems},
  booktitle =	 {Proceedings of the {IEEE} Region 5 Technical, Professional, and Student Conference},
  year =	 2006,
  address =	 {San Antonio, Texas},
  month =	 {April},
  organization = {{IEEE}}
}

@InProceedings{Moore:Quasny:Sinzinger:Pyeatt:C04,
  author =	 {Brett Moore and Todd Quasny and Eric Sinzinger and Larry Pyeatt},
  title =	 {An Intelligent Agent for Closed-loop Sedation of Simulated {ICU} Patients},
  booktitle =	 {Proceedings of the 17th International Florida {AI} Research Society Conference ({FLAIRS})},
  address =	 "Miami Beach, Florida",
  month =	 "May",
  note =         {Winner of best paper award},
  year =	 2004,
  pages = {109--113}
}



@InProceedings{Quasny:Pyeatt:C04,
  author = 	 {Todd M. Quasny and Larry D. Pyeatt},
  title = 	 {Reinforcement Learning in the Control of a Simulated Life Support System},
  booktitle = 	 {Proceedings of the International Conference on Environmental Systems (ICES)},
  year =	 2004,
  address =	 {Colorado Springs, CO},
  month =	 {July},
  organization = {Society of Automotive Engineers},
  pages =        {1--7},
  note = {The proceedings were produced on CD-ROM and papers were not assigned
individual page numbers.}
}


@InProceedings{Li:PyeattC04a,
  author = 	 {Chengcheng Li and Larry D. Pyeatt},
  title = 	 {U.S. Vehicle License Plate Localization},
  booktitle = 	 {Proceedings of the International Conference on Computing, Communications and Control Technologies},
  year =	 2004,
  address =	 {Austin, Texas},
  month =	 {August},
  organization = {University of Texas at Austin
and the International Institute of Informatics and Systemics ({IIIS}) },
    volume = {VII},
    pages = {314--319}
 }


@InProceedings{Li:PyeattC04b,
  author = 	 {Chengcheng Li and Larry D. Pyeatt},
  title = 	 {Preprocesses of {U.S.} Vehicle License
Plate" Recognition},
  booktitle = 	 {Proceedings of The 6th {IASTED} International Conference on
Signal and Image Processing},
  year =	 2004,
  address =	 {Honolulu, Hawaii},
  month =	 {August},
  organization = {International Association of Science and Technology for Development ({IASTED})},
  pages = {89--94}
 }


@InProceedings{Li:PyeattC04c,
  author = 	 {Chengcheng Li and Larry D. Pyeatt},
  title = 	 {Automatic {U.S.} Vehicle License Plate Extraction and License Number Splitting Under Various Illumination Conditions},
  booktitle = 	 {Proceedings of the International Conference on Computing, Communications and Control Technologies},
  year =	 2004,
  volume = {II},
    pages = {143--148}
 }

@InProceedings{Li:PyeattC04d,
  author = 	 {Chengcheng Li and Larry D. Pyeatt},
  title = 	 {A Short Tutorial On Reinforcement Learning: Review and Applications},
  booktitle = 	 {Proceedings of the International
Conference on Intelligent Information Process},
  year =	 2004,
  address =      {Beijing, China},
  month =	 {October},
  pages =        {not yet available}
}

@InProceedings{pyeatt2003a,
  author = 	 {Larry D. Pyeatt},
  title = 	 {Reinforcement Learning with Decision Trees},
  booktitle = 	 {Proceedings of the {IASTED} International Conference on Applied Informatics ({AI} 2003)},
  year =	 2003,
  address =	 {Innsbruck, Austria},
  month =	 {February},
  organization = {International Association of Science and Technology for Development ({IASTED})},
  pages = "26--31"
}


@InProceedings{quasny2003a,
  author = 	 {Todd M. Quasny and Larry D. Pyeatt and Jackie Moore},
  title = 	 {Curvature-Velocity Method for Differentially Steered Robots},
  booktitle = 	 {Proceedings of the {IASTED} International Conference on Modelling, Identification, and Control ({MIC} 2003)},
  year =	 2003,
  address =	 {Innsbruck, Austria},
  month =	 {February},
  organization = {International Association of Science and Technology for Development ({IASTED})},
  pages = "618--622"
}


@InProceedings{Quasny:Garcia:Barnes:Pyeatt:C04,
  author =	 {Laura Barnes and Todd Quasny and Richard Garcia and Larry D. Pyeatt},
  title =	 {Multi-agent Mapping Using Dynamic Allocation Utilizing a Centralized Storage System},
  booktitle =	 {Proceedings of the 12th Annual Mediterranean Conference on Control and Automation},
  address =      {Kusadasi, Aydin, Turkey},
  month = {June},
  year =	 2004,
  pages = {1--6},
  note = {The proceedings were produced on CD-ROM and papers were not assigned
individual page numbers.}
}



@InProceedings{Moore:Quasny:Pyeatt:Sinzinger:C01b,
  author = 	 {Brett L. Moore and Todd M. Quasny and Larry D. Pyeatt and Eric D. Sinzinger},
  title = 	 {Performance of a Single Action Partially Observable {M}arkov Decision Process in a Recognition Task},
  booktitle = 	 {Proceedings of the Fourth Annual International Conference on Artificial Intelligence and Soft Computing},
  year =	 2001,
  address =	 {Cancun, Mexico},
  month =	 {May},
  organization = {International Association of Science and Technology for Development (IASTED)},
  pages = {367--371}
}


@InProceedings{Pyeatt:Howe:C01a,
  author = 	 {Larry D. Pyeatt and Adele E. Howe},
  title = 	 {Decision Tree Function Approximation in
		  Reinforcement Learning},
  booktitle = 	 {Proceedings of the Third International Symposium on Adaptive Systems: Evolutionary Computation \& Probabilistic Graphical Models},
  pages =	 {70--77},
  year =	 2001,
  address =	 {Havana, Cuba},
  month =	 {March},
  organization = {Institute of Cybernetics, Mathematics and Physics}
}


@Article{Pyeatt:Howe:J00,
  author = 	 "Larry D. Pyeatt and Adele E. Howe",
  title = 	 "Evaluating Robustness in a Two Layer Simulated Robot Architecture",
  journal =	 "Journal of Experimental and Theoretical Artificial Intelligence: Special Issue on Autonomy Control Software",
  pages =        {213--234},
  volume =       {12},
  number =       {2},
  year =	 2000
}



@PhdThesis{PyeattTHESIS,
  author = 	 "Larry D. Pyeatt",
  title = 	 "Integration of Partially Observable {M}arkov Decision Processes
and Reinforcement Learning for Simulated Robot Navigation",
  year = 	 1999,
  address =	 "Computer Science Department",
  school = 	 {Colorado State University},
  month =	 "July",
  type =	 "{PhD} Dissertation"
}

		  
@InProceedings{Pyeatt:Howe:C99a,
  author = 	 "Larry D. Pyeatt and Adele E. Howe",
  title = 	 "Integrating {POMDP} and Reinforcement Learning for a
		  Two Layer Simulated Robot Architecture",
  month =	 "May",
  booktitle = "Proceedings of the Third International Conference on 
Autonomous Agents (Agents'99)",
  publisher = "ACM Press",
  address = "Seattle, WA, USA",
  editor = "Oren Etzioni and J{\"o}rg P. M{\"u}ller and Jeffrey M. Bradshaw",
  pages = "168--174",
  year = 1999,
  url = "citeseer.ist.psu.edu/howe99integrating.html" 
}


@InProceedings{Pyeatt:Howe:C99c,
  author = 	 "Larry D. Pyeatt and Adele E. Howe",
  title = 	 "A Parallel Algorithm for {POMDP} Solution",
  booktitle =	 "Proceedings of the Fifth European Conference on
		  Planning (ECP-99)",
  year =	 1999,
  address =	 "Durham, United Kingdom",
  pages = "73-83",
  month =	 "September"
}


@TechReport{Pyeatt:Howe:TR98c,
  author = 	 "Larry D. Pyeatt and Adele E. Howe",
  title = 	 "{\em Decision Tree Function Approximation in
		  Reinforcement Learning}",
  institution =  "Colorado State University",
  year = 	 1998,
  type =	 "Tech Report",
  number =	 "TR CS-98-112",
  address =	 "Fort Collins, Colorado",
  month =	 "October"
}


@InProceedings{Pyeatt:Howe:C98b,
  author = 	 "Larry D. Pyeatt and Adele E. Howe",
  title = 	 "Learning to Race: Experiments with a Simulated Race Car",
  editor =	 "Diane J. Cook",
  pages =	 "357--361",
  booktitle =	 "Proceedings of the Eleventh International Florida
		  Artificial Intelligence Research Symposium
		  Conference",
  year =	 1998,
  organization = "Florida Artificial Intelligence Research Symposium",
  publisher =	 "AAAI Press",
  address =	 "Sanibel Island, FL",
  month =	 "May"
}

@InProceedings{Pyeatt:Howe:C98a,
  author = 	 "Larry D. Pyeatt and Adele E. Howe",
  title = 	 "Reinforcement Learning for Coordinated Reactive Control",
  booktitle =	 "Fourth World Congress on Expert Systems: Workshop on machine learning",
  year =	 1998,
  month =	 "March",
  pages = {unavailable}
}

@InProceedings{Howe:Pyeatt:C96,
  author = 	 "Adele E. Howe and Larry D. Pyeatt",
  title = 	 "Constructing Transition Models of {AI} Planner Behavior",
  booktitle =	 "Proceedings of the Eleventh Knowledge Based Systems
		  Engineering Conference",
  year =	 1996,
  month =        "September",
  pages = {33--41}
}
	  
@InProceedings{Gruau:Whitley:Pyeatt:C96,
  author = 	 "Fr\'ed\'eric Gruau and Darrell Whitley and Larry Pyeatt",
  title = 	 "A Comparison Between Cellular Encoding and Direct
		  Encoding for Genetic Neural Networks",
 booktitle = "Genetic Programming 1996: Proceedings of the First Annual Conference",
    publisher = "MIT Press",
    address = "Stanford University, CA, USA",
    editor = "John R. Koza and David E. Goldberg and David B. Fogel and Rick L. Riolo",
    pages = "81--89",
    year = "1996",
    url = "citeseer.ist.psu.edu/gruau96comparison.html" }
  month =	 "July"
}

@InProceedings{Whitley:Mathias:Pyeatt:C95,
  author = 	 "Darrell Whitley and Keith Mathias and Larry Pyeatt",
  title = 	 "Hyperplane Ranking and Implicit Parallelism in
		  Simple Genetic Algorithms",
  booktitle =	 "Proceedings of the Sixth International Conference on
		  Genetic Algorithms",
  year =	 1995,
  month =	 "July",
 publisher = "Morgan Kaufmann",
    address = "San Francisco, CA",
    editor = "Larry Eshelman",
    pages = "231--238"

}

@TechReport{Stevens:Pyeatt:Houlton:Goss:95,
  author = 	 {Mark R. Stevens and Larry D. Pyeatt and David J. Houlton and
                  Michael E. Goss},
  title = 	 {{\em Locating Shadows in Aerial Photographs
        Using Imprecise Elevation Data}},
  institution =  {Colorado State University, Department of Computer Science},
  year = 	 1995,
  type =	 {Technical Report},
  number =	 {TR CS-95-105},
  address =	 {Fort Collins, Colorado}
}


@InProceedings{Whitley:Gruau:Pyeatt:C95,
  author = 	 "Darrell Whitley and Fr\'ed\'eric Gruau and Larry Pyeatt",
  title = 	 "Cellular Encoding Applied to Neurocontrol",
  booktitle =	 "Proceedings of the Sixth International Conference on
		  Genetic Algorithms",
  year =	 1995,
  month =	 "July",
 publisher = "Morgan Kaufmann",
    address = "Pittsburgh, PA, USA",
    editor = "Larry Eshelman",
    isbn = "1-55860-370-0",
    pages = "460--467"

}

		  
@MastersThesis{Pyeatt:91,
  author = 	 "Larry D. Pyeatt",
  title = 	 "Application of the Neural Ring Pattern Classifier to
		  Speech Recognition",
  school = 	 "Texas Tech University",
  year = 	 1991,
  month =	 "May",
  type =	 "{M.S.} {T}hesis"
}

@InProceedings{Pyeatt:Oldham:C91,
  author = 	 "Larry D. Pyeatt and W. J. Bryan Oldham",
  title = 	 "Application of the Neural Ring Pattern Classifier to
		  Speech Recognition",
  pages =	 "385--387",
  booktitle =	 "Proceedings of the Southeastern Region ACM Conference",
  year =	 1991,
  organization = "ACM"
}

